@article{Gross:1973ju,
      author         = "Gross, D.J. and Wilczek, Frank",
      title          = "{Asymptotically Free Gauge Theories. 1}",
      journal        = "Phys.Rev.",
      volume         = "D8",
      pages          = "3633-3652",
      doi            = "10.1103/PhysRevD.8.3633",
      year           = "1973",
      reportNumber   = "FERMILAB-PUB-73-049-T, FERMILAB-PUB-73-049-THY",
      SLACcitation   = "%%CITATION = PHRVA,D8,3633;%%",
}

@book{9780471887416,
  Author = {Francis Halzen and Alan D. Martin},
  Title = {Quarks and Leptons: An Introductory Course in Modern Particle Physics},
  Publisher = {Wiley},
  Year = {1984},
  ISBN = {0471887412},
  URL = {http://www.amazon.com/Quarks-Leptons-Introductory-Particle-Physics/dp/0471887412%3FSubscriptionId%3D0JYN1NVW651KCA56C102%26tag%3Dtechkie-20%26linkCode%3Dxm2%26camp%3D2025%26creative%3D165953%26creativeASIN%3D0471887412}
}

@article{Becchi1976287,
title = "Renormalization of gauge theories ",
journal = "Annals of Physics ",
volume = "98",
number = "2",
pages = "287 - 321",
year = "1976",
note = "",
issn = "0003-4916",
doi = "http://dx.doi.org/10.1016/0003-4916(76)90156-1",
author = "C Becchi and A Rouet and R Stora"
}

@article{'tHooft19781,
title = "On the phase transition towards permanent quark confinement ",
journal = "Nuclear Physics B ",
volume = "138",
number = "1",
pages = "1 - 25",
year = "1978",
note = "",
issn = "0550-3213",
doi = "http://dx.doi.org/10.1016/0550-3213(78)90153-0",
url = "http://www.sciencedirect.com/science/article/pii/0550321378901530",
author = "G. 't Hooft"
}

@article{PhysRevD.75.034501,
  title = {Color screening, Casimir scaling, and domain structure in G(2) and SU(N) gauge theories},
  author = {Greensite, J. and Langfeld, K. and Olejn\'ik, \ifmmode \check{S}\else \v{S}\fi{}. and Reinhardt, H. and Tok, T.},
  journal = {Phys. Rev. D},
  volume = {75},
  issue = {3},
  pages = {034501},
  numpages = {25},
  year = {2007},
  month = {Feb},
  publisher = {American Physical Society},
  doi = {10.1103/PhysRevD.75.034501},
  url = {http://link.aps.org/doi/10.1103/PhysRevD.75.034501}
}

@article{Fischer:2013eca,
      author         = "Fischer, Christian S. and Fister, Leonard and Luecker,
                        Jan and Pawlowski, Jan M.",
      title          = "{Polyakov loop potential at finite density}",
      journal        = "Phys.Lett.",
      volume         = "B732",
      pages          = "273-277",
      doi            = "10.1016/j.physletb.2014.03.057",
      year           = "2014",
      eprint         = "1306.6022",
      archivePrefix  = "arXiv",
      primaryClass   = "hep-ph",
      SLACcitation   = "%%CITATION = ARXIV:1306.6022;%%",
}


@article{Volmer:2000ek,
      author         = "Volmer, J. and others",
      title          = "{Measurement of the Charged Pion Electromagnetic
                        Form-Factor}",
      collaboration  = "Jefferson Lab F(pi) Collaboration",
      journal        = "Phys.Rev.Lett.",
      volume         = "86",
      pages          = "1713-1716",
      doi            = "10.1103/PhysRevLett.86.1713",
      year           = "2001",
      eprint         = "nucl-ex/0010009",
      archivePrefix  = "arXiv",
      primaryClass   = "nucl-ex",
      reportNumber   = "JLAB-PHY-00-16",
      SLACcitation   = "%%CITATION = NUCL-EX/0010009;%%",
}

@article{Amendolia:1986wj,
      author         = "Amendolia, S.R. and others",
      title          = "{A Measurement of the Space - Like Pion Electromagnetic
                        Form-Factor}",
      collaboration  = "NA7",
      journal        = "Nucl.Phys.",
      volume         = "B277",
      pages          = "168",
      doi            = "10.1016/0550-3213(86)90437-2",
      year           = "1986",
      reportNumber   = "CERN-EP-86-34, C86-07-16",
      SLACcitation   = "%%CITATION = NUPHA,B277,168;%%",
}

@article{s100500070078,
year={2000},
issn={1434-6001},
journal={The European Physical Journal A},
volume={8},
number={4},
doi={10.1007/s100500070078},
title={Nucleon properties in the covariant quark-diquark model},
url={http://dx.doi.org/10.1007/s100500070078},
publisher={Società Italiana di Fisica},
keywords={11.10.St Bound states; Bethe-Salpeter equations; 12.40.Yx Hadron mass models and calculations; 13.40.Gp Electromagnetic form factors; 14.20.Dh Protons and neutrons},
author={Oettel, M. and Alkofer, R. and von Smekal, L.},
pages={553-566},
language={English}
}

@article{Kvinikhidze:1998xn,
      author         = "Kvinikhidze, A.N. and Blankleider, B.",
      title          = "{Gauging of equations method. 1. electromagnetic currents
                        of three distinguishable particles}",
      journal        = "Phys.Rev.",
      volume         = "C60",
      pages          = "044003",
      doi            = "10.1103/PhysRevC.60.044003",
      year           = "1999",
      eprint         = "nucl-th/9901001",
      archivePrefix  = "arXiv",
      primaryClass   = "nucl-th",
      SLACcitation   = "%%CITATION = NUCL-TH/9901001;%%",
}

@book{0201524724,
  Author = {L. D. Faddeev and A. A. Slavnov},
  Title = {Gauge Fields, Introduction to Quantum Theory (Frontiers in physics)},
  Publisher = {Addison-Wesley Pub (T)},
  Year = {1991},
  ISBN = {0201524724}
}

@article{Witten1979269,
title = "Current algebra theorems for the U(1) “Goldstone boson” ",
journal = "Nuclear Physics B ",
volume = "156",
number = "2",
pages = "269 - 283",
year = "1979",
note = "",
issn = "0550-3213",
doi = "http://dx.doi.org/10.1016/0550-3213(79)90031-2",
url = "http://www.sciencedirect.com/science/article/pii/0550321379900312",
author = "E. Witten"
}

@article{Veneziano1979213,
title = "U(1) without instantons ",
journal = "Nuclear Physics B ",
volume = "159",
number = "1–2",
pages = "213 - 224",
year = "1979",
note = "",
issn = "0550-3213",
doi = "http://dx.doi.org/10.1016/0550-3213(79)90332-8",
url = "http://www.sciencedirect.com/science/article/pii/0550321379903328",
author = "G. Veneziano"
}

@article{PhysRevD.11.3583,
  title = {The U(1) problem},
  author = {Weinberg, Steven},
  journal = {Phys. Rev. D},
  volume = {11},
  issue = {12},
  pages = {3583--3593},
  numpages = {0},
  year = {1975},
  month = {Jun},
  publisher = {American Physical Society},
  doi = {10.1103/PhysRevD.11.3583},
  url = {http://link.aps.org/doi/10.1103/PhysRevD.11.3583}
}


@article{Faddeev196729,
title = "Feynman diagrams for the Yang-Mills field ",
journal = "Physics Letters B ",
volume = "25",
number = "1",
pages = "29 - 30",
year = "1967",
note = "",
issn = "0370-2693",
doi = "http://dx.doi.org/10.1016/0370-2693(67)90067-6",
url = "http://www.sciencedirect.com/science/article/pii/0370269367900676",
author = "L.D. Faddeev and V.N. Popov"
}

@book{itzykson2012quantum,
  title={Quantum Field Theory},
  author={Itzykson, C. and Zuber, J.B.},
  isbn={9780486134697},
  series={Dover Books on Physics},
  url={http://books.google.de/books?id=CxYCMNrUnTEC},
  year={2012},
  publisher={Dover Publications}
}

@article{PhysRevLett.30.1343,
  title = {Ultraviolet Behavior of Non-Abelian Gauge Theories},
  author = {Gross, David J. and Wilczek, Frank},
  journal = {Phys. Rev. Lett.},
  volume = {30},
  issue = {26},
  pages = {1343--1346},
  numpages = {0},
  year = {1973},
  month = {Jun},
  publisher = {American Physical Society},
  doi = {10.1103/PhysRevLett.30.1343},
  url = {http://link.aps.org/doi/10.1103/PhysRevLett.30.1343}
}

@article{PhysRev.122.345,
  title = {Dynamical Model of Elementary Particles Based on an Analogy with Superconductivity. I},
  author = {Nambu, Y. and Jona-Lasinio, G.},
  journal = {Phys. Rev.},
  volume = {122},
  issue = {1},
  pages = {345--358},
  numpages = {0},
  year = {1961},
  month = {Apr},
  publisher = {American Physical Society},
  doi = {10.1103/PhysRev.122.345},
  url = {http://link.aps.org/doi/10.1103/PhysRev.122.345}
}

@book{opac-b1131978,
   title = "An introduction to quantum field theory",
   author = "Peskin, Michael Edward and Schroeder, Daniel V.",
   series = "Advanced book program",
   publisher = "Westview Press Reading (Mass.)",
   address = "Boulder (Colo.)",
   url = "http://opac.inria.fr/record=b1131978",
   isbn = "0-201-50934-2",
   note = "Autre tirage : 1997",
   year = 1995
}

@book{9780471353867,
  Author = {Franz Gross},
  Title = {Relativistic Quantum Mechanics and Field Theory},
  Publisher = {Wiley-VCH},
  Year = {1999},
  ISBN = {0471353868},
}

@article{Fritzsch1973365,
title = "Advantages of the color octet gluon picture ",
journal = "Physics Letters B ",
volume = "47",
number = "4",
pages = "365 - 368",
year = "1973",
note = "",
issn = "0370-2693",
doi = "http://dx.doi.org/10.1016/0370-2693(73)90625-4",
url = "http://www.sciencedirect.com/science/article/pii/0370269373906254",
author = "H. Fritzsch and M. Gell-Mann and H. Leutwyler",
abstract = "It is pointed out that there are several advantages in abstracting properties of hadrons and their currents from a Yang-Mills gauge model based on colored quarks and color octet gluons. "
}

@BOOK{Greensite201101,
title={An Introduction to the Confinement Problem (Lecture Notes in Physics, Vol. 821)},
author={Jeff Greensite},
publisher={Springer},
year={2011},
month={1},
edition={1st},
isbn={9783642143816},
url={http://amazon.com/o/ASIN/3642143814/},
totalpages={211},
}

@book{Press:2007:NRE:1403886,
 author = {Press, William H. and Teukolsky, Saul A. and Vetterling, William T. and Flannery, Brian P.},
 title = {Numerical Recipes 3rd Edition: The Art of Scientific Computing},
 year = {2007},
 isbn = {0521880688, 9780521880688},
 edition = {3},
 publisher = {Cambridge University Press},
 address = {New York, NY, USA},
} 

@article{Williams:2008wu,
      author         = "Williams, M.",
      title          = "{Numerical Object Oriented Quantum Field Theory
                        Calculations}",
      journal        = "Comput.Phys.Commun.",
      volume         = "180",
      pages          = "1847-1852",
      doi            = "10.1016/j.cpc.2009.05.017",
      year           = "2009",
      eprint         = "0805.2956",
      archivePrefix  = "arXiv",
      primaryClass   = "hep-ph",
      SLACcitation   = "%%CITATION = ARXIV:0805.2956;%%",
      http = "http://www-meg.phys.cmu.edu/williams/qft++/index.php/main_page"
}

@book{Miransky:271593,
      author        = "Miransky, Vladimir A",
      title         = "{Dynamical symmetry breaking in quantum field theories}",
      publisher     = "World Scientific",
      address       = "Singapore",
      year          = "1993",
}

@article{Allton:2005fb,
      author         = "Allton, C.R. and Armour, W. and Leinweber, Derek Bruce
                        and Thomas, Anthony William and Young, Ross Daniel",
      title          = "{Chiral and continuum extrapolation of partially-quenched
                        lattice results}",
      journal        = "Phys.Lett.",
      volume         = "B628",
      pages          = "125-130",
      doi            = "10.1016/j.physletb.2005.09.020",
      year           = "2005",
      eprint         = "hep-lat/0504022",
      archivePrefix  = "arXiv",
      primaryClass   = "hep-lat",
      reportNumber   = "SWAT-431, ADP-05-11-T620, JLAB-THY-05-307",
      SLACcitation   = "%%CITATION = HEP-LAT/0504022;%%",
}

@article{PhysRev.96.1124,
  title = {Properties of Bethe-Salpeter Wave Functions},
  author = {Wick, G. C.},
  journal = {Phys. Rev.},
  volume = {96},
  issue = {4},
  pages = {1124--1134},
  numpages = {0},
  year = {1954},
  month = {Nov},
  publisher = {American Physical Society},
  doi = {10.1103/PhysRev.96.1124},
  url = {http://link.aps.org/doi/10.1103/PhysRev.96.1124}
}


@article{PhysRev.84.1232,
  title = {A Relativistic Equation for Bound-State Problems},
  author = {Salpeter, E. E. and Bethe, H. A.},
  journal = {Phys. Rev.},
  volume = {84},
  issue = {6},
  pages = {1232--1242},
  numpages = {0},
  year = {1951},
  month = {Dec},
  publisher = {American Physical Society},
  doi = {10.1103/PhysRev.84.1232},
  url = {http://link.aps.org/doi/10.1103/PhysRev.84.1232}
}

@article{PhysRev.84.350,
  title = {Bound States in Quantum Field Theory},
  author = {Gell-Mann, Murray and Low, Francis},
  journal = {Phys. Rev.},
  volume = {84},
  issue = {2},
  pages = {350--354},
  numpages = {0},
  year = {1951},
  month = {Oct},
  publisher = {American Physical Society},
  doi = {10.1103/PhysRev.84.350},
  url = {http://link.aps.org/doi/10.1103/PhysRev.84.350}
}


@ARTICLE{1969PThPS..43....1N,
   author = {{Nakanishi}, N.},
    title = "{A General Survey of the Theory of the Bethe-Salpeter Equation}",
  journal = {Progress of Theoretical Physics Supplement},
     year = 1969,
   volume = 43,
    pages = {1-81},
      doi = {10.1143/PTPS.43.1},
   adsurl = {http://adsabs.harvard.edu/abs/1969PThPS..43....1N},
  adsnote = {Provided by the SAO/NASA Astrophysics Data System}
}

@article{PhysRev.138.B1182,
  title = {Normalization Condition and Normal and Abnormal Solutions of the Bethe-Salpeter Equation},
  author = {Nakanishi, Noboru},
  journal = {Phys. Rev.},
  volume = {138},
  issue = {5B},
  pages = {B1182--B1192},
  numpages = {0},
  year = {1965},
  month = {Jun},
  publisher = {American Physical Society},
  doi = {10.1103/PhysRev.138.B1182},
  url = {http://link.aps.org/doi/10.1103/PhysRev.138.B1182}
}

@article{PhysRev.139.AB1,
  title = {Normalization Condition and Normal and Abnormal Solutions of the Bethe-Salpeter Equation},
  author = {Nakanishi, Noboru},
  journal = {Phys. Rev.},
  volume = {139},
  issue = {7AB},
  pages = {AB1--AB1},
  numpages = {0},
  year = {1965},
  month = {Sep},
  publisher = {American Physical Society},
  doi = {10.1103/PhysRev.139.AB1},
  url = {http://link.aps.org/doi/10.1103/PhysRev.139.AB1}
}


@article{Miransky:1986ib,
      author         = "Miransky, V.A.",
      title          = "{ON DYNAMICAL CHIRAL SYMMETRY BREAKING}",
      journal        = "Phys.Lett.",
      volume         = "B165",
      pages          = "401-404",
      doi            = "10.1016/0370-2693(85)91254-7",
      year           = "1985",
      SLACcitation   = "%%CITATION = PHLTA,B165,401;%%",
}

@article{Skullerud:2003qu,
      author         = "Skullerud, Jonivar I. and Bowman, Patrick O. and
                        Kizilersu, Ayse and Leinweber, Derek B. and Williams,
                        Anthony G.",
      title          = "{Nonperturbative structure of the quark gluon vertex}",
      journal        = "JHEP",
      volume         = "0304",
      pages          = "047",
      doi            = "10.1088/1126-6708/2003/04/047",
      year           = "2003",
      eprint         = "hep-ph/0303176",
      archivePrefix  = "arXiv",
      primaryClass   = "hep-ph",
      reportNumber   = "ITFA-2003-13, ADP-03-108-T546",
      SLACcitation   = "%%CITATION = HEP-PH/0303176;%%",
}

@article{Kizilersu:2006et,
      author         = "Kizilersu, Ayse and Leinweber, Derek B. and Skullerud,
                        Jon-Ivar and Williams, Anthony G.",
      title          = "{Quark-gluon vertex in general kinematics}",
      journal        = "Eur.Phys.J.",
      volume         = "C50",
      pages          = "871-875",
      doi            = "10.1140/epjc/s10052-007-0250-6",
      year           = "2007",
      eprint         = "hep-lat/0610078",
      archivePrefix  = "arXiv",
      primaryClass   = "hep-lat",
      reportNumber   = "TCDMATH-06-15",
      SLACcitation   = "%%CITATION = HEP-LAT/0610078;%%",
}

@article{Roberts:1994dr,
      author         = "Roberts, Craig D. and Williams, Anthony G.",
      title          = "{Dyson-Schwinger equations and their application to
                        hadronic physics}",
      journal        = "Prog.Part.Nucl.Phys.",
      volume         = "33",
      pages          = "477-575",
      doi            = "10.1016/0146-6410(94)90049-3",
      year           = "1994",
      eprint         = "hep-ph/9403224",
      archivePrefix  = "arXiv",
      primaryClass   = "hep-ph",
      reportNumber   = "ADP-93-225-T-142, ANL-PHY-7668-TH-93",
      SLACcitation   = "%%CITATION = HEP-PH/9403224;%%",
}


@article{Boucaud:2002fx,
      author         = "Boucaud, Philippe and De Soto, F. and Le Yaouanc, A. and
                        Leroy, J.P. and Micheli, J. and others",
      title          = "{The Strong coupling constant at small momentum as an
                        instanton detector}",
      journal        = "JHEP",
      volume         = "0304",
      pages          = "005",
      doi            = "10.1088/1126-6708/2003/04/005",
      year           = "2003",
      eprint         = "hep-ph/0212192",
      archivePrefix  = "arXiv",
      primaryClass   = "hep-ph",
      reportNumber   = "LPT-ORSAY-02-100, FAMN-SE-02-02, CPHT-RR-089-1202,
                        UHU-FT-02-24",
      SLACcitation   = "%%CITATION = HEP-PH/0212192;%%",
}

@article{Bethke:2006ac,
      author         = "Bethke, Siegfried",
      title          = "{Experimental tests of asymptotic freedom}",
      journal        = "Prog.Part.Nucl.Phys.",
      volume         = "58",
      pages          = "351-386",
      doi            = "10.1016/j.ppnp.2006.06.001",
      year           = "2007",
      eprint         = "hep-ex/0606035",
      archivePrefix  = "arXiv",
      primaryClass   = "hep-ex",
      reportNumber   = "MPE-2006-54",
      SLACcitation   = "%%CITATION = HEP-EX/0606035;%%",
}

@article{Bali:2000gf,
      author         = "Bali, Gunnar S.",
      title          = "{QCD forces and heavy quark bound states}",
      journal        = "Phys.Rept.",
      volume         = "343",
      pages          = "1-136",
      doi            = "10.1016/S0370-1573(00)00079-X",
      year           = "2001",
      eprint         = "hep-ph/0001312",
      archivePrefix  = "arXiv",
      primaryClass   = "hep-ph",
      reportNumber   = "HUB-EP-99-67",
      SLACcitation   = "%%CITATION = HEP-PH/0001312;%%",
}

@article{GellMann:1968rz,
      author         = "Gell-Mann, Murray and Oakes, R.J. and Renner, B.",
      title          = "{Behavior of current divergences under SU(3) x SU(3)}",
      journal        = "Phys.Rev.",
      volume         = "175",
      pages          = "2195-2199",
      doi            = "10.1103/PhysRev.175.2195",
      year           = "1968",
      SLACcitation   = "%%CITATION = PHRVA,175,2195;%%",
}

@article{Osterwalder:1973dx,
      author         = "Osterwalder, Konrad and Schrader, Robert",
      title          = "{AXIOMS FOR EUCLIDEAN GREEN'S FUNCTIONS}",
      journal        = "Commun.Math.Phys.",
      volume         = "31",
      pages          = "83-112",
      doi            = "10.1007/BF01645738",
      year           = "1973",
      SLACcitation   = "%%CITATION = CMPHA,31,83;%%",
}


@article{Fischer:2014cfa,
      author         = "Fischer, Christian S. and Kubrak, Stanislav and Williams,
                        Richard",
      title          = "{Spectra of heavy mesons in the Bethe-Salpeter approach}",
      journal        = "Eur.Phys.J.",
      volume         = "A51",
      pages          = "1, 10",
      doi            = "10.1140/epja/i2015-15010-7",
      year           = "2014",
      eprint         = "1409.5076",
      archivePrefix  = "arXiv",
      primaryClass   = "hep-ph",
      SLACcitation   = "%%CITATION = ARXIV:1409.5076;%%",
}

@article{Londergan:2013dza,
      author         = "Londergan, J.T. and Nebreda, J. and Pelaez, J.R. and
                        Szczepaniak, A.",
      title          = "{Identification of non-ordinary mesons from the
                        dispersive connection between their poles and their Regge
                        trajectories: The $f_0(500)$ resonance}",
      journal        = "Phys.Lett.",
      volume         = "B729",
      pages          = "9-14",
      doi            = "10.1016/j.physletb.2013.12.061",
      year           = "2014",
      eprint         = "1311.7552",
      archivePrefix  = "arXiv",
      primaryClass   = "hep-ph",
      reportNumber   = "JLAB-THY-14-1837",
      SLACcitation   = "%%CITATION = ARXIV:1311.7552;%%",
}
@article{Masjuan:2012gc,
      author         = "Masjuan, Pere and Ruiz Arriola, Enrique and Broniowski,
                        Wojciech",
      title          = "{Systematics of radial and angular-momentum Regge
                        trajectories of light non-strange q\bar{q}-states}",
      journal        = "Phys.Rev.",
      volume         = "D85",
      pages          = "094006",
      doi            = "10.1103/PhysRevD.85.094006",
      year           = "2012",
      eprint         = "1203.4782",
      archivePrefix  = "arXiv",
      primaryClass   = "hep-ph",
      SLACcitation   = "%%CITATION = ARXIV:1203.4782;%%",
}
@article{Alkofer:2008et,
      author         = "Alkofer, Reinhard and Fischer, Christian S. and Williams,
                        Richard",
      title          = "{U(A)(1) anomaly and eta-prime mass from an infrared
                        singular quark-gluon vertex}",
      journal        = "Eur.Phys.J.",
      volume         = "A38",
      pages          = "53-60",
      doi            = "10.1140/epja/i2008-10646-x",
      year           = "2008",
      eprint         = "0804.3478",
      archivePrefix  = "arXiv",
      primaryClass   = "hep-ph",
      SLACcitation   = "%%CITATION = ARXIV:0804.3478;%%",
}

@article{Ebert:2008id,
      author         = "Ebert, D. and Faustov, R.N. and Galkin, V.O.",
      title          = "{Masses of light tetraquarks and scalar mesons in the
                        relativistic quark model}",
      journal        = "Eur.Phys.J.",
      volume         = "C60",
      pages          = "273-278",
      doi            = "10.1140/epjc/s10052-009-0925-2",
      year           = "2009",
      eprint         = "0812.2116",
      archivePrefix  = "arXiv",
      primaryClass   = "hep-ph",
      reportNumber   = "HU-EP-08-67",
      SLACcitation   = "%%CITATION = ARXIV:0812.2116;%%",
}
@article{Giacosa:2006tf,
      author         = "Giacosa, Francesco",
      title          = "{Mixing of scalar tetraquark and quarkonia states in a
                        chiral approach}",
      journal        = "Phys.Rev.",
      volume         = "D75",
      pages          = "054007",
      doi            = "10.1103/PhysRevD.75.054007",
      year           = "2007",
      eprint         = "hep-ph/0611388",
      archivePrefix  = "arXiv",
      primaryClass   = "hep-ph",
      SLACcitation   = "%%CITATION = HEP-PH/0611388;%%",
}
@article{Jaffe:1976ig,
      author         = "Jaffe, Robert L.",
      title          = "{Multi-Quark Hadrons. 1. The Phenomenology of (2 Quark 2
                        anti-Quark) Mesons}",
      journal        = "Phys.Rev.",
      volume         = "D15",
      pages          = "267",
      doi            = "10.1103/PhysRevD.15.267",
      year           = "1977",
      reportNumber   = "SLAC-PUB-1772",
      SLACcitation   = "%%CITATION = PHRVA,D15,267;%%",
}
@article{Parganlija:2012fy,
      author         = "Parganlija, Denis and Kovacs, Peter and Wolf, Gyorgy and
                        Giacosa, Francesco and Rischke, Dirk H.",
      title          = "{Meson vacuum phenomenology in a three-flavor linear
                        sigma model with (axial-)vector mesons}",
      journal        = "Phys.Rev.",
      volume         = "D87",
      pages          = "014011",
      doi            = "10.1103/PhysRevD.87.014011",
      year           = "2013",
      eprint         = "1208.0585",
      archivePrefix  = "arXiv",
      primaryClass   = "hep-ph",
      SLACcitation   = "%%CITATION = ARXIV:1208.0585;%%",
}

@article{Holl:2004fr,
      author         = "Holl, A. and Krassnigg, A. and Roberts, C.D.",
      title          = "{Pseudoscalar meson radial excitations}",
      journal        = "Phys.Rev.",
      volume         = "C70",
      pages          = "042203",
      doi            = "10.1103/PhysRevC.70.042203",
      year           = "2004",
      eprint         = "nucl-th/0406030",
      archivePrefix  = "arXiv",
      primaryClass   = "nucl-th",
      reportNumber   = "ANL-PHY-10915-TH-2004, MPG-VT-UR-250-04",
      SLACcitation   = "%%CITATION = NUCL-TH/0406030;%%",
}

@article{Chang:2013nia,
      author         = "Chang, L. and Cloet, I.C. and Roberts, C.D. and Schmidt,
                        S.M. and Tandy, P.C.",
      title          = "{Pion electromagnetic form factor at spacelike momenta}",
      journal        = "Phys.Rev.Lett.",
      number         = "14",
      volume         = "111",
      pages          = "141802",
      doi            = "10.1103/PhysRevLett.111.141802",
      year           = "2013",
      eprint         = "1307.0026",
      archivePrefix  = "arXiv",
      primaryClass   = "nucl-th",
      SLACcitation   = "%%CITATION = ARXIV:1307.0026;%%",
}

@article{Dorkin:2013rsa,
      author         = "Dorkin, S.M. and Kaptari, L.P. and Hilger, T. and
                        Kampfer, B.",
      title          = "{Analytical properties of the quark propagator from
                        truncated Dyson-Schwinger equation in complex Euclidean
                        space}",
      journal        = "Phys.Rev.",
      volume         = "C89",
      pages          = "034005",
      doi            = "10.1103/PhysRevC.89.034005",
      year           = "2014",
      eprint         = "1312.2721",
      archivePrefix  = "arXiv",
      primaryClass   = "hep-ph",
      SLACcitation   = "%%CITATION = ARXIV:1312.2721;%%",
}

@article{Kellermann:2012fla,
      author         = "Kellermann, Christian",
      title          = "{Glueball properties from the Bethe-Salpeter equation}",
      SLACcitation   = "%%CITATION = INSPIRE-1185319;%%",
}

@article{Chang:2011ei,
      author         = "Chang, Lei and Roberts, Craig D.",
      title          = "{Tracing masses of ground-state light-quark mesons}",
      journal        = "Phys.Rev.",
      volume         = "C85",
      pages          = "052201",
      doi            = "10.1103/PhysRevC.85.052201",
      year           = "2012",
      eprint         = "1104.4821",
      archivePrefix  = "arXiv",
      primaryClass   = "nucl-th",
      SLACcitation   = "%%CITATION = ARXIV:1104.4821;%%",
}

@article{Matevosyan:2006bk,
      author         = "Matevosyan, Hrayr H. and Thomas, Anthony William and
                        Tandy, Peter Charles",
      title          = "{Quark-gluon vertex dressing and meson masses beyond
                        ladder-rainbow truncation}",
      journal        = "Phys.Rev.",
      volume         = "C75",
      pages          = "045201",
      doi            = "10.1103/PhysRevC.75.045201",
      year           = "2007",
      eprint         = "nucl-th/0605057",
      archivePrefix  = "arXiv",
      primaryClass   = "nucl-th",
      reportNumber   = "JLAB-THY-06-497, KSUCNR-206-06",
      SLACcitation   = "%%CITATION = NUCL-TH/0605057;%%",
}
@article{Bhagwat:2004hn,
      author         = "Bhagwat, M.S. and Holl, A. and Krassnigg, A. and Roberts,
                        C.D. and Tandy, P.C.",
      title          = "{Aspects and consequences of a dressed quark gluon
                        vertex}",
      journal        = "Phys.Rev.",
      volume         = "C70",
      pages          = "035205",
      doi            = "10.1103/PhysRevC.70.035205",
      year           = "2004",
      eprint         = "nucl-th/0403012",
      archivePrefix  = "arXiv",
      primaryClass   = "nucl-th",
      reportNumber   = "ANL-PHY-10829-TH-2004, KSUCNR-204-01, MPG-VT-UR-245-04",
      SLACcitation   = "%%CITATION = NUCL-TH/0403012;%%",
}
@article{Watson:2004kd,
      author         = "Watson, P. and Cassing, W. and Tandy, P.C.",
      title          = "{Bethe-Salpeter meson masses beyond ladder
                        approximation}",
      journal        = "Few Body Syst.",
      volume         = "35",
      pages          = "129-153",
      doi            = "10.1007/s00601-004-0067-x",
      year           = "2004",
      eprint         = "hep-ph/0406340",
      archivePrefix  = "arXiv",
      primaryClass   = "hep-ph",
      reportNumber   = "KSUCNR-204-02",
      SLACcitation   = "%%CITATION = HEP-PH/0406340;%%",
}

@article{Sanchis-Alepuz:2014wea,
      author         = "Sanchis-Alepuz, Helios and Fischer, Christian S. and
                        Kubrak, Stanislav",
      title          = "{Pion cloud effects on baryon masses}",
      journal        = "Phys.Lett. B",
      volume         = "733",
      pages          = "151-157",
      doi            = "10.1016/j.physletb.2014.04.031",
      year           = "2014",
      eprint         = "1401.3183",
      archivePrefix  = "arXiv",
      primaryClass   = "hep-ph",
      SLACcitation   = "%%CITATION = ARXIV:1401.3183;%%",
}

@article{Aguilar:2008xm,
      author         = "Aguilar, A.C. and Binosi, D. and Papavassiliou, J.",
      title          = "{Gluon and ghost propagators in the Landau gauge:
                        Deriving lattice results from Schwinger-Dyson equations}",
      journal        = "Phys.Rev.",
      volume         = "D78",
      pages          = "025010",
      doi            = "10.1103/PhysRevD.78.025010",
      year           = "2008",
      eprint         = "0802.1870",
      archivePrefix  = "arXiv",
      primaryClass   = "hep-ph",
      reportNumber   = "ECT*-08-02",
      SLACcitation   = "%%CITATION = ARXIV:0802.1870;%%",
}

@article{Qin:2011xq,
      author         = "Qin, Si-xue and Chang, Lei and Liu, Yu-xin and Roberts,
                        Craig D. and Wilson, David J.",
      title          = "{Investigation of rainbow-ladder truncation for excited
                        and exotic mesons}",
      journal        = "Phys.Rev.",
      volume         = "C85",
      pages          = "035202",
      doi            = "10.1103/PhysRevC.85.035202",
      year           = "2012",
      eprint         = "1109.3459",
      archivePrefix  = "arXiv",
      primaryClass   = "nucl-th",
      SLACcitation   = "%%CITATION = ARXIV:1109.3459;%%",
}
@article{Godfrey:1985xj,
      author         = "Godfrey, S. and Isgur, Nathan",
      title          = "{Mesons in a Relativized Quark Model with
                        Chromodynamics}",
      journal        = "Phys.Rev.",
      volume         = "D32",
      pages          = "189-231",
      doi            = "10.1103/PhysRevD.32.189",
      year           = "1985",
      SLACcitation   = "%%CITATION = PHRVA,D32,189;%%",
}
@article{Ebert:2009ub,
      author         = "Ebert, D. and Faustov, R.N. and Galkin, V.O.",
      title          = "{Mass spectra and Regge trajectories of light mesons in
                        the relativistic quark model}",
      journal        = "Phys.Rev.",
      volume         = "D79",
      pages          = "114029",
      doi            = "10.1103/PhysRevD.79.114029",
      year           = "2009",
      eprint         = "0903.5183",
      archivePrefix  = "arXiv",
      primaryClass   = "hep-ph",
      reportNumber   = "HU-EP-09-14",
      SLACcitation   = "%%CITATION = ARXIV:0903.5183;%%",
}
@article{Brambilla:2014aaa,
      author         = "Brambilla, N. and Eidelman, S. and Foka, P. and Gardner,
                        S. and Kronfeld, A.S. and others",
      title          = "{QCD and strongly coupled gauge theories: challenges and
                        perspectives}",
      year           = "2014",
      eprint         = "1404.3723",
      archivePrefix  = "arXiv",
      primaryClass   = "hep-ph",
      reportNumber   = "CCQCN-2014-24, CCTP-2014-5, CERN-PH-TH-2014-033,
                        DF-1-2014, --FERMILAB-PUB-14-024-T, HIP-2014-03-TH,
                        ITEP-LAT-2014-1, JLAB-THY-14-1865, --LLNL-JRNL-651216,
                        MITP-14-016, NT@UW-14-04, RUB-TPII-01-2014, TUM-EFT-46-14,
                         --UWTHPH-2014-006",
      SLACcitation   = "%%CITATION = ARXIV:1404.3723;%%",
}

@ARTICLE{Berrut_barycentriclagrange,
    author = {Jean-Paul Berrut and Lloyd N. Trefethen},
    title = {Barycentric Lagrange Interpolation},
    journal = {SIAM Rev},
    year = {2004},
    volume = {46},
    pages = {501--517}
}

@MISC{eigenweb,
  author = {Ga\"{e}l Guennebaud and Beno\^{i}t Jacob and others},
  title = {Eigen v3},
  howpublished = {http://eigen.tuxfamily.org},
  year = {2010}
 }

@article{Joos:1962qq,
      author         = "Joos, Hans",
      title          = "{On the Representation theory of inhomogeneous Lorentz
                        groups as the foundation of quantum mechanical
                        kinematics}",
      journal        = "Fortsch.Phys.",
      volume         = "10",
      pages          = "65-146",
      doi            = "10.1002/prop.2180100302",
      year           = "1962",
      reportNumber   = "RX-329-A",
      SLACcitation   = "%%CITATION = FPYKA,10,65;%%",
}
@article{Weinberg:1964cn,
      author         = "Weinberg, Steven",
      title          = "{Feynman Rules for Any Spin}",
      journal        = "Phys.Rev.",
      volume         = "133",
      pages          = "B1318-B1332",
      doi            = "10.1103/PhysRev.133.B1318",
      year           = "1964",
      SLACcitation   = "%%CITATION = PHRVA,133,B1318;%%",
}

@article{Fischer:2007ze,
      author         = "Fischer, Christian S. and Nickel, Dominik and Wambach,
                        Jochen",
      title          = "{Hadronic unquenching effects in the quark propagator}",
      journal        = "Phys.Rev.",
      volume         = "D76",
      pages          = "094009",
      doi            = "10.1103/PhysRevD.76.094009",
      year           = "2007",
      eprint         = "0705.4407",
      archivePrefix  = "arXiv",
      primaryClass   = "hep-ph",
      SLACcitation   = "%%CITATION = ARXIV:0705.4407;%%",
}

@Article{PDG-2012,
 author        = "J. Beringer and others",
 collaboration = "Particle Data Group",
 title         = "Review of Particle Physics",
 journal       = "Phys. Rev. D",
 volume        = "86",
 pages         = "010001",
 year          = "2012",
}


@article{Alkofer:2008tt,
      author         = "Alkofer, Reinhard and Fischer, Christian S. and
                        Llanes-Estrada, Felipe J. and Schwenzer, Kai",
      title          = "{The Quark-gluon vertex in Landau gauge QCD: Its role in
                        dynamical chiral symmetry breaking and quark confinement}",
      journal        = "Annals Phys.",
      volume         = "324",
      pages          = "106-172",
      doi            = "10.1016/j.aop.2008.07.001",
      year           = "2009",
      eprint         = "0804.3042",
      archivePrefix  = "arXiv",
      primaryClass   = "hep-ph",
      SLACcitation   = "%%CITATION = ARXIV:0804.3042;%%",
}


@article{Maris:1997tm,
      author         = "Maris, Pieter and Roberts, Craig D.",
      title          = "{Pi- and K meson Bethe-Salpeter amplitudes}",
      journal        = "Phys.Rev.",
      volume         = "C56",
      pages          = "3369-3383",
      doi            = "10.1103/PhysRevC.56.3369",
      year           = "1997",
      eprint         = "nucl-th/9708029",
      archivePrefix  = "arXiv",
      primaryClass   = "nucl-th",
      reportNumber   = "ANL-PHY-8788-TH-97",
      SLACcitation   = "%%CITATION = NUCL-TH/9708029;%%",
}

@article{Bowman:2005vx,
      author         = "Bowman, Patrick O. and Heller, Urs M. and Leinweber,
                        Derek B. and Parappilly, Maria B. and Williams, Anthony G.
                        and others",
      title          = "{Unquenched quark propagator in Landau gauge}",
      journal        = "Phys.Rev.",
      volume         = "D71",
      pages          = "054507",
      doi            = "10.1103/PhysRevD.71.054507",
      year           = "2005",
      eprint         = "hep-lat/0501019",
      archivePrefix  = "arXiv",
      primaryClass   = "hep-lat",
      reportNumber   = "ADP-04-23-T606",
      SLACcitation   = "%%CITATION = HEP-LAT/0501019;%%",
}



@article{Jarecke:2002xd,
      author         = "Jarecke, Dennis and Maris, Pieter and Tandy, Peter C.",
      title          = "{Strong decays of light vector mesons}",
      journal        = "Phys.Rev.",
      volume         = "C67",
      pages          = "035202",
      doi            = "10.1103/PhysRevC.67.035202",
      year           = "2003",
      eprint         = "nucl-th/0208019",
      archivePrefix  = "arXiv",
      primaryClass   = "nucl-th",
      SLACcitation   = "%%CITATION = NUCL-TH/0208019;%%",
}

@article{Williams:2009wx,
      author         = "Williams, Richard",
      title          = "{Bethe-Salpeter studies of mesons beyond rainbow-ladder}",
      journal        = "EPJ Web Conf.",
      volume         = "3",
      pages          = "03005",
      doi            = "10.1051/epjconf/20100303005",
      year           = "2010",
      eprint         = "0912.3494",
      archivePrefix  = "arXiv",
      primaryClass   = "hep-ph",
      SLACcitation   = "%%CITATION = ARXIV:0912.3494;%%",
}

@article{Blank:2011ha,
      author         = "Blank, M. and Krassnigg, A.",
      title          = "{Bottomonium in a Bethe-Salpeter-equation study}",
      journal        = "Phys.Rev.",
      volume         = "D84",
      pages          = "096014",
      doi            = "10.1103/PhysRevD.84.096014",
      year           = "2011",
      eprint         = "1109.6509",
      archivePrefix  = "arXiv",
      primaryClass   = "hep-ph",
      SLACcitation   = "%%CITATION = ARXIV:1109.6509;%%",
}

@article{Krassnigg:2010mh,
      author         = "Krassnigg, A. and Blank, M.",
      title          = "{A covariant study of tensor mesons}",
      journal        = "Phys.Rev.",
      volume         = "D83",
      pages          = "096006",
      doi            = "10.1103/PhysRevD.83.096006",
      year           = "2011",
      eprint         = "1011.6650",
      archivePrefix  = "arXiv",
      primaryClass   = "hep-ph",
      SLACcitation   = "%%CITATION = ARXIV:1011.6650;%%",
}





@article{Krassnigg:2009zh,
      author         = "Krassnigg, A.",
      title          = "{Survey of J=0,1 mesons in a Bethe-Salpeter approach}",
      journal        = "Phys.Rev.",
      volume         = "D80",
      pages          = "114010",
      doi            = "10.1103/PhysRevD.80.114010",
      year           = "2009",
      eprint         = "0909.4016",
      archivePrefix  = "arXiv",
      primaryClass   = "hep-ph",
      SLACcitation   = "%%CITATION = ARXIV:0909.4016;%%",
}





@article{Krassnigg:2009gd,
      author         = "Krassnigg, Andreas",
      title          = "{Excited mesons in a Bethe-Salpeter approach}",
      journal        = "PoS",
      volume         = "CONFINEMENT8",
      pages          = "075",
      year           = "2008",
      eprint         = "0812.3073",
      archivePrefix  = "arXiv",
      primaryClass   = "nucl-th",
      SLACcitation   = "%%CITATION = ARXIV:0812.3073;%%",
}

@article{Zemach:1968zz,
      author         = "Zemach, Charles",
      title          = "{Use of angular momentum tensors}",
      journal        = "Phys.Rev.",
      volume         = "140",
      pages          = "B97-B108",
      doi            = "10.1103/PhysRev.140.B97",
      year           = "1965",
      SLACcitation   = "%%CITATION = PHRVA,140,B97;%%",
}

@article{LlewellynSmith:1969az,
      author         = "Llewellyn-Smith, C.H.",
      title          = "{A relativistic formulation for the quark model for
                        mesons}",
      journal        = "Annals Phys.",
      volume         = "53",
      pages          = "521-558",
      doi            = "10.1016/0003-4916(69)90035-9",
      year           = "1969",
      SLACcitation   = "%%CITATION = APNYA,53,521;%%",
}

@article{Pakhlova:2010zza,
      author         = "Pakhlova, Galina V. and Pakhlov, Pavel N. and Eidelman,
                        Semen I.",
      title          = "{Exotic charmonium}",
      journal        = "Phys.Usp.",
      volume         = "53",
      pages          = "219-241",
      doi            = "10.3367/UFNe.0180.201003a.0225",
      year           = "2010",
      SLACcitation   = "%%CITATION = PHUSE,53,219;%%",
}

@article{JohanMesschendorpfortheBESIII:2013vla,
      author         = "Messchendorp, Johan",
      title          = "{Physics with Charmonium -- A few recent highlights of
                        BESIII}",
      collaboration  = "Johan Messchendorp for the BESIII Collaboration",
      year           = "2013",
      eprint         = "1306.6611",
      archivePrefix  = "arXiv",
      primaryClass   = "hep-ex",
      SLACcitation   = "%%CITATION = ARXIV:1306.6611;%%",
}

@article{Brambilla:2010cs,
      author         = "Brambilla, N. and Eidelman, S. and Heltsley, B.K. and
                        Vogt, R. and Bodwin, G.T. and others",
      title          = "{Heavy quarkonium: progress, puzzles, and opportunities}",
      journal        = "Eur.Phys.J.",
      volume         = "C71",
      pages          = "1534",
      doi            = "10.1140/epjc/s10052-010-1534-9",
      year           = "2011",
      eprint         = "1010.5827",
      archivePrefix  = "arXiv",
      primaryClass   = "hep-ph",
      reportNumber   = "SLAC-R-996, TUM-EFT-11-10, CLNS-10-2066,
                        ANL-HEP-PR-10-44, ALBERTA-THY-11-10, CP3-10-37,
                        FZJ-IKP-TH-2010-24, INT-PUB-10-059, JLAB-THY-11-1308,
                        FERMILAB-PUB-10-737-T",
      SLACcitation   = "%%CITATION = ARXIV:1010.5827;%%",
}

@article{Bodwin:2013nua,
      author         = "Bodwin, Geoffrey T. and Braaten, Eric and Eichten, Estia
                        and Olsen, Stephen Lars and Pedlar, Todd K. and others",
      title          = "{Quarkonium at the Frontiers of High Energy Physics: A
                        Snowmass White Paper}",
      year           = "2013",
      eprint         = "1307.7425",
      archivePrefix  = "arXiv",
      reportNumber   = "FERMILAB-CONF-13-665-T",
      SLACcitation   = "%%CITATION = ARXIV:1307.7425;%%",
}


@article{Ebert:2002pp,
      author         = "Ebert, D. and Faustov, R.N. and Galkin, V.O.",
      title          = "{Properties of heavy quarkonia and $B_c$ mesons in the
                        relativistic quark model}",
      journal        = "Phys.Rev.",
      volume         = "D67",
      pages          = "014027",
      doi            = "10.1103/PhysRevD.67.014027",
      year           = "2003",
      eprint         = "hep-ph/0210381",
      archivePrefix  = "arXiv",
      primaryClass   = "hep-ph",
      reportNumber   = "HU-EP-02-45",
      SLACcitation   = "%%CITATION = HEP-PH/0210381;%%",
}



@article{Ebert:2011jc,
      author         = "Ebert, D. and Faustov, R.N. and Galkin, V.O.",
      title          = "{Spectroscopy and Regge trajectories of heavy quarkonia
                        and $B_c$ mesons}",
      journal        = "Eur.Phys.J.",
      volume         = "C71",
      pages          = "1825",
      doi            = "10.1140/epjc/s10052-011-1825-9",
      year           = "2011",
      eprint         = "1111.0454",
      archivePrefix  = "arXiv",
      primaryClass   = "hep-ph",
      reportNumber   = "HU-EP-11-47",
      SLACcitation   = "%%CITATION = ARXIV:1111.0454;%%",
}



@article{LlanesEstrada:2011kc,
      author         = "Llanes-Estrada, Felipe J. and Pavlova, Olga I. and
                        Williams, Richard",
      title          = "{A First Estimate of Triply Heavy Baryon Masses from the
                        pNRQCD Perturbative Static Potential}",
      journal        = "Eur.Phys.J.",
      volume         = "C72",
      pages          = "2019",
      doi            = "10.1140/epjc/s10052-012-2019-9",
      year           = "2012",
      eprint         = "1111.7087",
      archivePrefix  = "arXiv",
      primaryClass   = "hep-ph",
      SLACcitation   = "%%CITATION = ARXIV:1111.7087;%%",
}



@article{Brambilla:2004jw,
      author         = "Brambilla, Nora and Pineda, Antonio and Soto, Joan and
                        Vairo, Antonio",
      title          = "{Effective field theories for heavy quarkonium}",
      journal        = "Rev.Mod.Phys.",
      volume         = "77",
      pages          = "1423",
      doi            = "10.1103/RevModPhys.77.1423",
      year           = "2005",
      eprint         = "hep-ph/0410047",
      archivePrefix  = "arXiv",
      primaryClass   = "hep-ph",
      reportNumber   = "IFUM-805-FT, UB-ECM-PF-04-24",
      SLACcitation   = "%%CITATION = HEP-PH/0410047;%%",
}



@article{Koma:2006si,
      author         = "Koma, Yoshiaki and Koma, Miho and Wittig, Hartmut",
      title          = "{Nonperturbative determination of the QCD potential at
                        O(1/m)}",
      journal        = "Phys.Rev.Lett.",
      volume         = "97",
      pages          = "122003",
      doi            = "10.1103/PhysRevLett.97.122003",
      year           = "2006",
      eprint         = "hep-lat/0607009",
      archivePrefix  = "arXiv",
      primaryClass   = "hep-lat",
      reportNumber   = "DESY-06-062, RCNP-TH-06004, MKPH-T-06-12",
      SLACcitation   = "%%CITATION = HEP-LAT/0607009;%%",
}



@article{Namekawa:2011wt,
      author         = "Namekawa, Y. and others",
      title          = "{Charm quark system at the physical point of 2+1 flavor
                        lattice QCD}",
      collaboration  = "PACS-CS Collaboration",
      journal        = "Phys.Rev.",
      volume         = "D84",
      pages          = "074505",
      doi            = "10.1103/PhysRevD.84.074505",
      year           = "2011",
      eprint         = "1104.4600",
      archivePrefix  = "arXiv",
      primaryClass   = "hep-lat",
      reportNumber   = "UTHEP-625, UTCCS-P-62",
      SLACcitation   = "%%CITATION = ARXIV:1104.4600;%%",
}



@article{Bali:2011rd,
      author         = "Bali, Gunnar S. and Collins, Sara and Ehmann, Christian",
      title          = "{Charmonium spectroscopy and mixing with light quark and
                        open charm states from $n_F$=2 lattice QCD}",
      journal        = "Phys.Rev.",
      volume         = "D84",
      pages          = "094506",
      doi            = "10.1103/PhysRevD.84.094506",
      year           = "2011",
      eprint         = "1110.2381",
      archivePrefix  = "arXiv",
      primaryClass   = "hep-lat",
      SLACcitation   = "%%CITATION = ARXIV:1110.2381;%%",
}



@article{Liu:2012ze,
      author         = "Liu, Liuming and others",
      title          = "{Excited and exotic charmonium spectroscopy from lattice
                        QCD}",
      collaboration  = "Hadron Spectrum Collaboration",
      journal        = "JHEP",
      volume         = "1207",
      pages          = "126",
      doi            = "10.1007/JHEP07(2012)126",
      year           = "2012",
      eprint         = "1204.5425",
      archivePrefix  = "arXiv",
      primaryClass   = "hep-ph",
      reportNumber   = "TCDMATH-12-04, JLAB-THY-12-1510",
      SLACcitation   = "%%CITATION = ARXIV:1204.5425;%%",
}

@article{Dudek:2013yja,
      author         = "Dudek, Jozef J. and Edwards, Robert G. and Guo, Peng and
                        Thomas, Christopher E.",
      title          = "{Toward the excited isoscalar meson spectrum from lattice
                        QCD}",
      collaboration  = "Hadron Spectrum",
      journal        = "Phys.Rev.",
      number         = "9",
      volume         = "D88",
      pages          = "094505",
      doi            = "10.1103/PhysRevD.88.094505",
      year           = "2013",
      eprint         = "1309.2608",
      archivePrefix  = "arXiv",
      primaryClass   = "hep-lat",
      reportNumber   = "JLAB-THY-13-1786, TCDMATH-13-11",
      SLACcitation   = "%%CITATION = ARXIV:1309.2608;%%",
}

@article{Moir:2013ub,
      author         = "Moir, Graham and Peardon, Michael and Ryan, Sinead M. and
                        Thomas, Christopher E. and Liu, Liuming",
      title          = "{Excited spectroscopy of charmed mesons from lattice
                        QCD}",
      journal        = "JHEP",
      volume         = "1305",
      pages          = "021",
      doi            = "10.1007/JHEP05(2013)021",
      year           = "2013",
      eprint         = "1301.7670",
      archivePrefix  = "arXiv",
      primaryClass   = "hep-ph",
      reportNumber   = "TCDMATH-13-01",
      SLACcitation   = "%%CITATION = ARXIV:1301.7670;%%",
}



@article{Kalinowski:2013wsa,
      author         = "Kalinowski, Martin and Wagner, Marc",
      title          = "{Masses of mesons with charm valence quarks from 2+1+1
                        flavor twisted mass lattice QCD}",
      collaboration  = "European Twisted Mass",
      journal        = "Acta Phys.Polon.Supp.",
      number         = "3",
      volume         = "6",
      pages          = "991-996",
      doi            = "10.5506/APhysPolBSupp.6.991",
      year           = "2013",
      eprint         = "1304.7974",
      archivePrefix  = "arXiv",
      primaryClass   = "hep-lat",
      SLACcitation   = "%%CITATION = ARXIV:1304.7974;%%",
}



@article{Mohler:2012gn,
      author         = "Mohler, Daniel",
      title          = "{Lattice results on charmonium}",
      year           = "2012",
      eprint         = "1209.5790",
      archivePrefix  = "arXiv",
      primaryClass   = "hep-lat",
      SLACcitation   = "%%CITATION = ARXIV:1209.5790;%%",
}



@article{Prelovsek:2013cta,
      author         = "Prelovsek, Sasa",
      title          = "{Lattice QCD review of charmonium and open-charm
                        spectroscopy}",
      year           = "2013",
      eprint         = "1310.4354",
      archivePrefix  = "arXiv",
      primaryClass   = "hep-lat",
      SLACcitation   = "%%CITATION = ARXIV:1310.4354;%%",
}



@article{Bhagwat:2006pu,
      author         = "Bhagwat, M.S. and Maris, P.",
      title          = "{Vector meson form factors and their quark-mass
                        dependence}",
      journal        = "Phys.Rev.",
      volume         = "C77",
      pages          = "025203",
      doi            = "10.1103/PhysRevC.77.025203",
      year           = "2008",
      eprint         = "nucl-th/0612069",
      archivePrefix  = "arXiv",
      primaryClass   = "nucl-th",
      SLACcitation   = "%%CITATION = NUCL-TH/0612069;%%",
}


@article{Hilger:2014nma,
      author         = "Hilger, Thomas and Popovici, Carina and Gomez-Rocha,
                        Maria and Krassnigg, Andreas",
      title          = "{Spectra of heavy quarkonia in a Bethe-Salpeter-equation
                        approach}",
      year           = "2014",
      eprint         = "1409.3205",
      archivePrefix  = "arXiv",
      primaryClass   = "hep-ph",
      SLACcitation   = "%%CITATION = ARXIV:1409.3205;%%",
}



@article{Popovici:2014pha,
      author         = "Popovici, Carina and Hilger, Thomas and Gomez-Rocha,
                        Maria and Krassnigg, Andreas",
      title          = "{On a new approach to meson phenomenology with the
                        Bethe-Salpeter equation}",
      year           = "2014",
      eprint         = "1407.7970",
      archivePrefix  = "arXiv",
      primaryClass   = "hep-ph",
      SLACcitation   = "%%CITATION = ARXIV:1407.7970;%%",
}



@article{Heupel:2012ua,
      author         = "Heupel, Walter and Eichmann, Gernot and Fischer,
                        Christian S.",
      title          = "{Tetraquark Bound States in a Bethe-Salpeter Approach}",
      journal        = "Phys.Lett.",
      volume         = "B718",
      pages          = "545-549",
      doi            = "10.1016/j.physletb.2012.11.009",
      year           = "2012",
      eprint         = "1206.5129",
      archivePrefix  = "arXiv",
      primaryClass   = "hep-ph",
      SLACcitation   = "%%CITATION = ARXIV:1206.5129;%%",
}



@article{Popovici:2010mb,
      author         = "Popovici, C. and Watson, P. and Reinhardt, H.",
      title          = "{Coulomb gauge confinement in the heavy quark limit}",
      journal        = "Phys.Rev.",
      volume         = "D81",
      pages          = "105011",
      doi            = "10.1103/PhysRevD.81.105011",
      year           = "2010",
      eprint         = "1003.3863",
      archivePrefix  = "arXiv",
      primaryClass   = "hep-th",
      SLACcitation   = "%%CITATION = ARXIV:1003.3863;%%",
}



@article{Popovici:2011yz,
      author         = "Popovici, C. and Watson, P. and Reinhardt, H.",
      title          = "{Higher order heavy quark Green's functions in Coulomb
                        gauge}",
      journal        = "Phys.Rev.",
      volume         = "D83",
      pages          = "125018",
      doi            = "10.1103/PhysRevD.83.125018",
      year           = "2011",
      eprint         = "1103.4786",
      archivePrefix  = "arXiv",
      primaryClass   = "hep-ph",
      SLACcitation   = "%%CITATION = ARXIV:1103.4786;%%",
}



@article{Popovici:2014usa,
      author         = "Popovici, Carina and Fischer, Christian S.",
      title          = "{Heavy tetraquark confining potential in Coulomb gauge
                        QCD}",
      journal        = "Phys.Rev.",
      volume         = "D89",
      pages          = "116012",
      doi            = "10.1103/PhysRevD.89.116012",
      year           = "2014",
      eprint         = "1403.5900",
      archivePrefix  = "arXiv",
      primaryClass   = "hep-ph",
      SLACcitation   = "%%CITATION = ARXIV:1403.5900;%%",
}



@article{Fischer:2014xha,
      author         = "Fischer, Christian S. and Kubrak, Stanislav and Williams,
                        Richard",
      title          = "{Mass spectra and Regge trajectories of light mesons in
                        the Bethe-Salpeter approach}",
      journal        = "Eur.Phys.J.",
      volume         = "A50",
      pages          = "126",
      doi            = "10.1140/epja/i2014-14126-6",
      year           = "2014",
      eprint         = "1406.4370",
      archivePrefix  = "arXiv",
      primaryClass   = "hep-ph",
      SLACcitation   = "%%CITATION = ARXIV:1406.4370;%%",
}



@article{Villate:1992np,
      author         = "Villate, J.E. and Liu, D.S. and Ribeiro, J.E. and de A.
                        Bicudo, P.J.",
      title          = "{Chiral symmetry and spin dependence of the quark -
                        anti-quark forces in quarkonium}",
      journal        = "Phys.Rev.",
      volume         = "D47",
      pages          = "1145-1154",
      doi            = "10.1103/PhysRevD.47.1145",
      year           = "1993",
      reportNumber   = "IFM-7-92",
      SLACcitation   = "%%CITATION = PHRVA,D47,1145;%%",
}



@article{Maris:1999nt,
      author         = "Maris, Pieter and Tandy, Peter C.",
      title          = "{Bethe-Salpeter study of vector meson masses and decay
                        constants}",
      journal        = "Phys.Rev.",
      volume         = "C60",
      pages          = "055214",
      doi            = "10.1103/PhysRevC.60.055214",
      year           = "1999",
      eprint         = "nucl-th/9905056",
      archivePrefix  = "arXiv",
      primaryClass   = "nucl-th",
      reportNumber   = "KSU-CNR-104-99",
      SLACcitation   = "%%CITATION = NUCL-TH/9905056;%%",
}



@article{Williams:2014iea,
      author         = "Williams, Richard",
      title          = "{The quark-gluon vertex in Landau gauge bound-state
                        studies}",
      year           = "2014",
      eprint         = "1404.2545",
      archivePrefix  = "arXiv",
      primaryClass   = "hep-ph",
      SLACcitation   = "%%CITATION = ARXIV:1404.2545;%%",
}



@article{Alkofer:2003jj,
      author         = "Alkofer, Reinhard and Detmold, W. and Fischer, C.S. and
                        Maris, P.",
      title          = "{Analytic properties of the Landau gauge gluon and quark
                        propagators}",
      journal        = "Phys.Rev.",
      volume         = "D70",
      pages          = "014014",
      doi            = "10.1103/PhysRevD.70.014014",
      year           = "2004",
      eprint         = "hep-ph/0309077",
      archivePrefix  = "arXiv",
      primaryClass   = "hep-ph",
      reportNumber   = "UNITU-THEP-12-03, NT-UW-03-22, HD-THEP-03-44",
      SLACcitation   = "%%CITATION = HEP-PH/0309077;%%",
}



@article{Fischer:2008sp,
      author         = "Fischer, Christian S. and Nickel, Dominik and Williams,
                        Richard",
      title          = "{On Gribov's supercriticality picture of quark
                        confinement}",
      journal        = "Eur.Phys.J.",
      volume         = "C60",
      pages          = "47-61",
      doi            = "10.1140/epjc/s10052-008-0821-1",
      year           = "2009",
      eprint         = "0807.3486",
      archivePrefix  = "arXiv",
      primaryClass   = "hep-ph",
      reportNumber   = "MIT-CTP-3964",
      SLACcitation   = "%%CITATION = ARXIV:0807.3486;%%",
}



@article{Dorkin:2013rsa,
      author         = "Dorkin, S.M. and Kaptari, L.P. and Hilger, T. and
                        Kampfer, B.",
      title          = "{Analytical properties of the quark propagator from
                        truncated Dyson-Schwinger equation in complex Euclidean
                        space}",
      journal        = "Phys.Rev.",
      volume         = "C89",
      pages          = "034005",
      doi            = "10.1103/PhysRevC.89.034005",
      year           = "2014",
      eprint         = "1312.2721",
      archivePrefix  = "arXiv",
      primaryClass   = "hep-ph",
      SLACcitation   = "%%CITATION = ARXIV:1312.2721;%%",
}



@article{Aguilar:2013vaa,
      author         = "Aguilar, A.C. and Binosi, D. and Ibanez, D. and
                        Papavassiliou, J.",
      title          = "{Effects of divergent ghost loops on the Green's
                        functions of QCD}",
      journal        = "Phys.Rev.",
      volume         = "D89",
      pages          = "085008",
      doi            = "10.1103/PhysRevD.89.085008",
      year           = "2014",
      eprint         = "1312.1212",
      archivePrefix  = "arXiv",
      primaryClass   = "hep-ph",
      SLACcitation   = "%%CITATION = ARXIV:1312.1212;%%",
}



@article{Blum:2014gna,
      author         = "Blum, Adrian and Huber, Markus Q. and Mitter, Mario and
                        von Smekal, Lorenz",
      title          = "{Gluonic three-point correlations in pure Landau gauge
                        QCD}",
      journal        = "Phys.Rev.",
      volume         = "D89",
      pages          = "061703",
      doi            = "10.1103/PhysRevD.89.061703",
      year           = "2014",
      eprint         = "1401.0713",
      archivePrefix  = "arXiv",
      primaryClass   = "hep-ph",
      SLACcitation   = "%%CITATION = ARXIV:1401.0713;%%",
}



@article{Eichmann:2014xya,
      author         = "Eichmann, Gernot and Williams, Richard and Alkofer,
                        Reinhard and Vujinovic, Milan",
      title          = "{The three-gluon vertex in Landau gauge}",
      journal        = "Phys.Rev.",
      volume         = "D89",
      pages          = "105014",
      doi            = "10.1103/PhysRevD.89.105014",
      year           = "2014",
      eprint         = "1402.1365",
      archivePrefix  = "arXiv",
      primaryClass   = "hep-ph",
      SLACcitation   = "%%CITATION = ARXIV:1402.1365;%%",
}



@article{Cucchieri:2008qm,
      author         = "Cucchieri, Attilio and Maas, Axel and Mendes, Tereza",
      title          = "{Three-point vertices in Landau-gauge Yang-Mills theory}",
      journal        = "Phys.Rev.",
      volume         = "D77",
      pages          = "094510",
      doi            = "10.1103/PhysRevD.77.094510",
      year           = "2008",
      eprint         = "0803.1798",
      archivePrefix  = "arXiv",
      primaryClass   = "hep-lat",
      SLACcitation   = "%%CITATION = ARXIV:0803.1798;%%",
}



@article{Rojas:2014aka,
      author         = "Rojas, E. and El-Bennich, B. and de Melo, J.P.B.C.",
      title          = "{Exciting flavored bound states}",
      year           = "2014",
      eprint         = "1407.3598",
      archivePrefix  = "arXiv",
      primaryClass   = "nucl-th",
      SLACcitation   = "%%CITATION = ARXIV:1407.3598;%%",
}



@article{Gomez-Rocha:2014vsa,
      author         = "Gomez-Rocha, Maria and Hilger, Thomas and Krassnigg,
                        Andreas",
      title          = "{First look at heavy-light mesons with a dressed
                        quark-gluon vertex}",
      year           = "2014",
      eprint         = "1408.1077",
      archivePrefix  = "arXiv",
      primaryClass   = "hep-ph",
      SLACcitation   = "%%CITATION = ARXIV:1408.1077;%%",
}








@article{Fischer:2009jm,
      author         = "Fischer, Christian S. and Williams, Richard",
      title          = "{Probing the gluon self-interaction in light mesons}",
      journal        = "Phys.Rev.Lett.",
      volume         = "103",
      pages          = "122001",
      doi            = "10.1103/PhysRevLett.103.122001",
      year           = "2009",
      eprint         = "0905.2291",
      archivePrefix  = "arXiv",
      primaryClass   = "hep-ph",
      SLACcitation   = "%%CITATION = ARXIV:0905.2291;%%",
}



@article{Chang:2009zb,
      author         = "Chang, Lei and Roberts, Craig D.",
      title          = "{Sketching the Bethe-Salpeter kernel}",
      journal        = "Phys.Rev.Lett.",
      volume         = "103",
      pages          = "081601",
      doi            = "10.1103/PhysRevLett.103.081601",
      year           = "2009",
      eprint         = "0903.5461",
      archivePrefix  = "arXiv",
      primaryClass   = "nucl-th",
      SLACcitation   = "%%CITATION = ARXIV:0903.5461;%%",
}



@article{Heupel:2014ina,
      author         = "Heupel, Walter and Goecke, Tobias and Fischer, Christian
                        S.",
      title          = "{Beyond Rainbow-Ladder in bound state equations}",
      journal        = "Eur.Phys.J.",
      volume         = "A50",
      pages          = "85",
      doi            = "10.1140/epja/i2014-14085-x",
      year           = "2014",
      eprint         = "1402.5042",
      archivePrefix  = "arXiv",
      primaryClass   = "hep-ph",
      SLACcitation   = "%%CITATION = ARXIV:1402.5042;%%",
}

BiblioTools: Generating Your Bibliography        Submit New Record
      закончено!



@article{Eichmann:2013afa,
      author         = "Eichmann, Gernot",
      title          = "{Hadron phenomenology in the Dyson-Schwinger approach}",
      journal        = "J.Phys.Conf.Ser.",
      volume         = "426",
      pages          = "012014",
      doi            = "10.1088/1742-6596/426/1/012014",
      year           = "2013",
      SLACcitation   = "%%CITATION = 00462,426,012014;%%",
}



@article{Bashir:2012fs,
      author         = "Bashir, Adnan and Chang, Lei and Cloet, Ian C. and
                        El-Bennich, Bruno and Liu, Yu-Xin and others",
      title          = "{Collective perspective on advances in Dyson-Schwinger
                        Equation QCD}",
      journal        = "Commun.Theor.Phys.",
      volume         = "58",
      pages          = "79-134",
      doi            = "10.1088/0253-6102/58/1/16",
      year           = "2012",
      eprint         = "1201.3366",
      archivePrefix  = "arXiv",
      primaryClass   = "nucl-th",
      SLACcitation   = "%%CITATION = ARXIV:1201.3366;%%",
}



@article{Fischer:2005en,
      author         = "Fischer, C.S. and Watson, P. and Cassing, W.",
      title          = "{Probing unquenching effects in the gluon polarisation in
                        light mesons}",
      journal        = "Phys.Rev.",
      volume         = "D72",
      pages          = "094025",
      doi            = "10.1103/PhysRevD.72.094025",
      year           = "2005",
      eprint         = "hep-ph/0509213",
      archivePrefix  = "arXiv",
      primaryClass   = "hep-ph",
      reportNumber   = "IPPP-05-60, DCPT-05-118",
      SLACcitation   = "%%CITATION = HEP-PH/0509213;%%",
}






@article{Chang:2010hb,
      author         = "Chang, Lei and Liu, Yu-Xin and Roberts, Craig D.",
      title          = "{Dressed-quark anomalous magnetic moments}",
      journal        = "Phys.Rev.Lett.",
      volume         = "106",
      pages          = "072001",
      doi            = "10.1103/PhysRevLett.106.072001",
      year           = "2011",
      eprint         = "1009.3458",
      archivePrefix  = "arXiv",
      primaryClass   = "nucl-th",
      SLACcitation   = "%%CITATION = ARXIV:1009.3458;%%",
}



@article{Bender:1996bb,
      author         = "Bender, A. and Roberts, Craig D. and Von Smekal, L.",
      title          = "{Goldstone theorem and diquark confinement beyond rainbow
                        ladder approximation}",
      journal        = "Phys.Lett.",
      volume         = "B380",
      pages          = "7-12",
      doi            = "10.1016/0370-2693(96)00372-3",
      year           = "1996",
      eprint         = "nucl-th/9602012",
      archivePrefix  = "arXiv",
      primaryClass   = "nucl-th",
      reportNumber   = "ANL-PHY-8302-TH-96",
      SLACcitation   = "%%CITATION = NUCL-TH/9602012;%%",
}





@article{Watson:2004jq,
      author         = "Watson, Peter and Cassing, Wolfgang",
      title          = "{Unquenching the quark-antiquark Green's function}",
      journal        = "Few Body Syst.",
      volume         = "35",
      pages          = "99-115",
      doi            = "10.1007/s00601-004-0063-1",
      year           = "2004",
      eprint         = "hep-ph/0405287",
      archivePrefix  = "arXiv",
      primaryClass   = "hep-ph",
      SLACcitation   = "%%CITATION = HEP-PH/0405287;%%",
}












@article{Fischer:2008wy,
      author         = "Fischer, Christian S. and Williams, Richard",
      title          = "{Beyond the rainbow: Effects from pion back-coupling}",
      journal        = "Phys.Rev.",
      volume         = "D78",
      pages          = "074006",
      doi            = "10.1103/PhysRevD.78.074006",
      year           = "2008",
      eprint         = "0808.3372",
      archivePrefix  = "arXiv",
      primaryClass   = "hep-ph",
      SLACcitation   = "%%CITATION = ARXIV:0808.3372;%%",
}



@article{Thomas:1981vc,
      author         = "Thomas, Anthony William and Theberge, S. and Miller,
                        Gerald A.",
      title          = "{The Cloudy Bag Model of the Nucleon}",
      journal        = "Phys.Rev.",
      volume         = "D24",
      pages          = "216",
      doi            = "10.1103/PhysRevD.24.216",
      year           = "1981",
      reportNumber   = "TRI-PP-81-4, RLO-1388-829",
      SLACcitation   = "%%CITATION = PHRVA,D24,216;%%",
}



@article{Miller:2002ig,
      author         = "Miller, Gerald A.",
      title          = "{Light front cloudy bag model: Nucleon electromagnetic
                        form-factors}",
      journal        = "Phys.Rev.",
      volume         = "C66",
      pages          = "032201",
      doi            = "10.1103/PhysRevC.66.032201",
      year           = "2002",
      eprint         = "nucl-th/0207007",
      archivePrefix  = "arXiv",
      primaryClass   = "nucl-th",
      reportNumber   = "NT-UW-02-017",
      SLACcitation   = "%%CITATION = NUCL-TH/0207007;%%",
}



@article{Ramalho:2008dp,
      author         = "Ramalho, G. and Pena, M.T. and Gross, Franz",
      title          = "{D-state effects in the electromagnetic N Delta
                        transition}",
      journal        = "Phys.Rev.",
      volume         = "D78",
      pages          = "114017",
      doi            = "10.1103/PhysRevD.78.114017",
      year           = "2008",
      eprint         = "0810.4126",
      archivePrefix  = "arXiv",
      primaryClass   = "hep-ph",
      reportNumber   = "JLAB-THY-08-900",
      SLACcitation   = "%%CITATION = ARXIV:0810.4126;%%",
}



@article{Cloet:2012cy,
      author         = "Cloet, Ian C. and Miller, Gerald A.",
      title          = "{Nucleon form factors and spin content in a quark-diquark
                        model with a pion cloud}",
      journal        = "Phys.Rev.",
      volume         = "C86",
      pages          = "015208",
      doi            = "10.1103/PhysRevC.86.015208",
      year           = "2012",
      eprint         = "1204.4422",
      archivePrefix  = "arXiv",
      primaryClass   = "nucl-th",
      reportNumber   = "NT-UW-12-07, NT@UW-12-07",
      SLACcitation   = "%%CITATION = ARXIV:1204.4422;%%",
}



@article{Eichmann:2011vu,
      author         = "Eichmann, Gernot",
      title          = "{Nucleon electromagnetic form factors from the covariant
                        Faddeev equation}",
      journal        = "Phys.Rev.",
      volume         = "D84",
      pages          = "014014",
      doi            = "10.1103/PhysRevD.84.014014",
      year           = "2011",
      eprint         = "1104.4505",
      archivePrefix  = "arXiv",
      primaryClass   = "hep-ph",
      SLACcitation   = "%%CITATION = ARXIV:1104.4505;%%",
}



@article{Eichmann:2011aa,
      author         = "Eichmann, G. and Nicmorus, D.",
      title          = "{Nucleon to Delta electromagnetic transition in the
                        Dyson-Schwinger approach}",
      journal        = "Phys.Rev.",
      volume         = "D85",
      pages          = "093004",
      doi            = "10.1103/PhysRevD.85.093004",
      year           = "2012",
      eprint         = "1112.2232",
      archivePrefix  = "arXiv",
      primaryClass   = "hep-ph",
      SLACcitation   = "%%CITATION = ARXIV:1112.2232;%%",
}



@article{Sanchis-Alepuz:2013iia,
      author         = "Sanchis-Alepuz, Helios and Williams, Richard and Alkofer,
                        Reinhard",
      title          = "{Delta and Omega electromagnetic form factors in a
                        three-body covariant Bethe-Salpeter approach}",
      journal        = "Phys.Rev.",
      number         = "9",
      volume         = "D87",
      pages          = "096015",
      doi            = "10.1103/PhysRevD.87.096015",
      year           = "2013",
      eprint         = "1302.6048",
      archivePrefix  = "arXiv",
      primaryClass   = "hep-ph",
      SLACcitation   = "%%CITATION = ARXIV:1302.6048;%%",
}



@article{Eichmann:2009qa,
      author         = "Eichmann, G. and Alkofer, R. and Krassnigg, A. and
                        Nicmorus, D.",
      title          = "{Nucleon mass from a covariant three-quark Faddeev
                        equation}",
      journal        = "Phys.Rev.Lett.",
      volume         = "104",
      pages          = "201601",
      doi            = "10.1103/PhysRevLett.104.201601",
      year           = "2010",
      eprint         = "0912.2246",
      archivePrefix  = "arXiv",
      primaryClass   = "hep-ph",
      SLACcitation   = "%%CITATION = ARXIV:0912.2246;%%",
}



@article{Eichmann:2009en,
      author         = "Eichmann, G. and Alkofer, R. and Krassnigg, A. and
                        Nicmorus, D.",
      title          = "{Covariant solution of the three-quark problem in quantum
                        field theory: The Nucleon}",
      journal        = "EPJ Web Conf.",
      volume         = "3",
      pages          = "03028",
      doi            = "10.1051/epjconf/20100303028",
      year           = "2010",
      eprint         = "0912.2876",
      archivePrefix  = "arXiv",
      primaryClass   = "hep-ph",
      SLACcitation   = "%%CITATION = ARXIV:0912.2876;%%",
}



@article{SanchisAlepuz:2011jn,
      author         = "Sanchis-Alepuz, Helios and Eichmann, Gernot and
                        Villalba-Chavez, Selym and Alkofer, Reinhard",
      title          = "{Delta and Omega masses in a three-quark covariant
                        Faddeev approach}",
      journal        = "Phys.Rev.",
      volume         = "D84",
      pages          = "096003",
      doi            = "10.1103/PhysRevD.84.096003",
      year           = "2011",
      eprint         = "1109.0199",
      archivePrefix  = "arXiv",
      primaryClass   = "hep-ph",
      SLACcitation   = "%%CITATION = ARXIV:1109.0199;%%",
}



@article{Munczek:1994zz,
      author         = "Munczek, H.J.",
      title          = "{Dynamical chiral symmetry breaking, Goldstone's theorem
                        and the consistency of the Schwinger-Dyson and
                        Bethe-Salpeter Equations}",
      journal        = "Phys.Rev.",
      volume         = "D52",
      pages          = "4736-4740",
      doi            = "10.1103/PhysRevD.52.4736",
      year           = "1995",
      eprint         = "hep-th/9411239",
      archivePrefix  = "arXiv",
      primaryClass   = "hep-th",
      reportNumber   = "KU-TH-94-101, KU-TH-94-10-1",
      SLACcitation   = "%%CITATION = HEP-TH/9411239;%%",
}



@article{Maris:1997hd,
      author         = "Maris, Pieter and Roberts, Craig D. and Tandy, Peter C.",
      title          = "{Pion mass and decay constant}",
      journal        = "Phys.Lett.",
      volume         = "B420",
      pages          = "267-273",
      doi            = "10.1016/S0370-2693(97)01535-9",
      year           = "1998",
      eprint         = "nucl-th/9707003",
      archivePrefix  = "arXiv",
      primaryClass   = "nucl-th",
      reportNumber   = "ANL-PHY-8753-TH-97, KSUCNR-103-97",
      SLACcitation   = "%%CITATION = NUCL-TH/9707003;%%",
}


@article{Maris:2000sk,
      author         = "Maris, Pieter and Tandy, Peter C.",
      title          = "{The pi, K+, and K0 electromagnetic form-factors}",
      journal        = "Phys.Rev.",
      volume         = "C62",
      pages          = "055204",
      doi            = "10.1103/PhysRevC.62.055204",
      year           = "2000",
      eprint         = "nucl-th/0005015",
      archivePrefix  = "arXiv",
      primaryClass   = "nucl-th",
      reportNumber   = "KSU-CNR-106-00",
      SLACcitation   = "%%CITATION = NUCL-TH/0005015;%%",
}

@article{Maris:2002mz,
      author         = "Maris, Pieter and Tandy, Peter C.",
      title          = "{Electromagnetic transition form-factors of light
                        mesons}",
      journal        = "Phys.Rev.",
      volume         = "C65",
      pages          = "045211",
      doi            = "10.1103/PhysRevC.65.045211",
      year           = "2002",
      eprint         = "nucl-th/0201017",
      archivePrefix  = "arXiv",
      primaryClass   = "nucl-th",
      SLACcitation   = "%%CITATION = NUCL-TH/0201017;%%",
}






@article{Nyffeler:2009tw,
      author         = "Nyffeler, Andreas",
      title          = "{Hadronic light-by-light scattering in the muon g-2: A
                        New short-distance constraint on pion-exchange}",
      journal        = "Phys.Rev.",
      volume         = "D79",
      pages          = "073012",
      doi            = "10.1103/PhysRevD.79.073012",
      year           = "2009",
      eprint         = "0901.1172",
      archivePrefix  = "arXiv",
      primaryClass   = "hep-ph",
      reportNumber   = "HRI-P-09-01-001, RECAPP-HRI-2009-001",
      SLACcitation   = "%%CITATION = ARXIV:0901.1172;%%",
}



@article{Alexandrou:2006ru,
      author         = "Alexandrou, C. and Koutsou, G. and Negele, John W. and
                        Tsapalis, A.",
      title          = "{The Nucleon electromagnetic form factors from Lattice
                        QCD}",
      journal        = "Phys.Rev.",
      volume         = "D74",
      pages          = "034508",
      doi            = "10.1103/PhysRevD.74.034508",
      year           = "2006",
      eprint         = "hep-lat/0605017",
      archivePrefix  = "arXiv",
      primaryClass   = "hep-lat",
      SLACcitation   = "%%CITATION = HEP-LAT/0605017;%%",
}



@article{Gattringer:2008vj,
      author         = "Gattringer, Christof and Hagen, Christian and Lang, C.B.
                        and Limmer, Markus and Mohler, Daniel and others",
      title          = "{Hadron Spectroscopy with Dynamical Chirally Improved
                        Fermions}",
      journal        = "Phys.Rev.",
      volume         = "D79",
      pages          = "054501",
      doi            = "10.1103/PhysRevD.79.054501",
      year           = "2009",
      eprint         = "0812.1681",
      archivePrefix  = "arXiv",
      primaryClass   = "hep-lat",
      SLACcitation   = "%%CITATION = ARXIV:0812.1681;%%",
}






@article{Eichmann:2011pv,
      author         = "Eichmann, G. and Fischer, C.S.",
      title          = "{Nucleon axial and pseudoscalar form factors from the
                        covariant Faddeev equation}",
      journal        = "Eur.Phys.J.",
      volume         = "A48",
      pages          = "9",
      doi            = "10.1140/epja/i2012-12009-6",
      year           = "2012",
      eprint         = "1111.2614",
      archivePrefix  = "arXiv",
      primaryClass   = "hep-ph",
      SLACcitation   = "%%CITATION = ARXIV:1111.2614;%%",
}



@article{Young:2002cj,
      author         = "Young, Ross Daniel and Leinweber, Derek Bruce and Thomas,
                        Anthony William and Wright, Stewart Victor",
      title          = "{Chiral analysis of quenched baryon masses}",
      journal        = "Phys.Rev.",
      volume         = "D66",
      pages          = "094507",
      doi            = "10.1103/PhysRevD.66.094507",
      year           = "2002",
      eprint         = "hep-lat/0205017",
      archivePrefix  = "arXiv",
      primaryClass   = "hep-lat",
      reportNumber   = "ADP-02-73-T512, LTH-537",
      SLACcitation   = "%%CITATION = HEP-LAT/0205017;%%",
}



@article{Alexandrou:2009hs,
      author         = "Alexandrou, Constantia and Korzec, Tomasz and Koutsou,
                        Giannis and Lorce, Cedric and Negele, John W. and others",
      title          = "{Quark transverse charge densities in the Delta(1232)
                        from lattice QCD}",
      journal        = "Nucl.Phys.",
      volume         = "A825",
      pages          = "115-144",
      doi            = "10.1016/j.nuclphysa.2009.04.005",
      year           = "2009",
      eprint         = "0901.3457",
      archivePrefix  = "arXiv",
      primaryClass   = "hep-ph",
      SLACcitation   = "%%CITATION = ARXIV:0901.3457;%%",
}



@article{Shanahan:2012wh,
      author         = "Shanahan, P.E. and Thomas, A.W. and Young, R.D.",
      title          = "{Sigma terms from an SU(3) chiral extrapolation}",
      journal        = "Phys.Rev.",
      number         = "7",
      volume         = "D87",
      pages          = "074503",
      doi            = "10.1103/PhysRevD.87.074503",
      year           = "2013",
      eprint         = "1205.5365",
      archivePrefix  = "arXiv",
      primaryClass   = "nucl-th",
      reportNumber   = "ADP-12-23-T790",
      SLACcitation   = "%%CITATION = ARXIV:1205.5365;%%",
}



@article{Alvarez-Ruso:2013fza,
      author         = "Alvarez-Ruso, L. and Ledwig, T. and Martin Camalich, J.
                        and Vicente-Vacas, M.J.",
      title          = "{Nucleon mass and pion-nucleon sigma term from a chiral
                        analysis of lattice QCD data}",
      journal        = "Phys.Rev.",
      number         = "5",
      volume         = "D88",
      pages          = "054507",
      doi            = "10.1103/PhysRevD.88.054507",
      year           = "2013",
      eprint         = "1304.0483",
      archivePrefix  = "arXiv",
      primaryClass   = "hep-ph",
      SLACcitation   = "%%CITATION = ARXIV:1304.0483;%%",
}



@article{Bali:2013dpa,
      author         = "Bali, G.S. and Collins, S. and Gläßle, B. and
                        Göckeler, M. and Najjar, J. and others",
      title          = "{Nucleon generalized form factors and sigma term from
                        lattice QCD near the physical quark mass}",
      journal        = "PoS",
      volume         = "Lattice2013",
      pages          = "291",
      year           = "2014",
      eprint         = "1312.0828",
      archivePrefix  = "arXiv",
      primaryClass   = "hep-lat",
      SLACcitation   = "%%CITATION = ARXIV:1312.0828;%%",
}



@article{Lyubovitskij:2000sf,
      author         = "Lyubovitskij, Valery E. and Gutsche, T. and Faessler,
                        Amand and Drukarev, E.G.",
      title          = "{Sigma term physics in the perturbative chiral quark
                        model}",
      journal        = "Phys.Rev.",
      volume         = "D63",
      pages          = "054026",
      doi            = "10.1103/PhysRevD.63.054026",
      year           = "2001",
      eprint         = "hep-ph/0009341",
      archivePrefix  = "arXiv",
      primaryClass   = "hep-ph",
      SLACcitation   = "%%CITATION = HEP-PH/0009341;%%",
}



@article{Cavalcante:2005mb,
      author         = "Cavalcante, I.P. and Robilotta, M.R. and Sa Borges, J.
                        and de O. Santos, D. and Zarnauskas, G.R.S.",
      title          = "{Pion-delta sigma-term}",
      journal        = "Phys.Rev.",
      volume         = "C72",
      pages          = "065207",
      doi            = "10.1103/PhysRevC.72.065207",
      year           = "2005",
      eprint         = "hep-ph/0507147",
      archivePrefix  = "arXiv",
      primaryClass   = "hep-ph",
      SLACcitation   = "%%CITATION = HEP-PH/0507147;%%",
}



@article{Ishii:1998tw,
      author         = "Ishii, N.",
      title          = "{Meson exchange contributions to the nucleon mass in the
                        Faddeev approach to the NJL model}",
      journal        = "Phys.Lett.",
      volume         = "B431",
      pages          = "1-7",
      doi            = "10.1016/S0370-2693(98)00479-1",
      year           = "1998",
      SLACcitation   = "%%CITATION = PHLTA,B431,1;%%",
}
